@article{alfaro2017replicator,
  title={Replicator-mutator equations with quadratic fitness},
  author={Alfaro, Matthieu and Carles, R{\'e}mi},
  journal={Proceedings of the American Mathematical Society},
  volume={145},
  number={12},
  pages={5315--5327},
  year={2017}
}
@article{alfaro2017superexponential,
  title={Superexponential growth or decay in the heat equation with a logarithmic nonlinearity},
  author={Alfaro, Matthieu and Carles, R{\'e}mi},
  journal={arXiv preprint arXiv:1703.08103},
  year={2017}
}
@article{baer2005comparative,
  title={Comparative evolutionary genetics of spontaneous mutations affecting fitness in rhabditid nematodes},
  author={Baer, Charles F and Shaw, Frank and Steding, Catherine and Baumgartner, Margaret and Hawkins, Alicia and Houppert, Andrew and Mason, Nicole and Reed, Marissa and Simonelic, Kevin and Woodard, Wayne and others},
  journal={Proceedings of the National Academy of Sciences},
  volume={102},
  number={16},
  pages={5785--5790},
  year={2005},
  publisher={National Acad Sciences}
}
@book{banasiak2019analytic,
  title={Analytic Methods for Coagulation-Fragmentation Models, Volume I \& II},
  author={Banasiak, Jacek and Lamb, Wilson and Lauren{\c{c}}ot, Philippe},
  year={2019},
  publisher={Chapman and Hall/CRC}
}
@article{bataillon2014effects,
  title={Effects of new mutations on fitness: insights from models and data},
  author={Bataillon, Thomas and Bailey, Susan F},
  journal={Annals of the New York Academy of Sciences},
  volume={1320},
  number={1},
  pages={76--92},
  year={2014},
  publisher={Citeseer}, 
  keywords={ref}
}
@article{bertoin2005fragmentation,
  title={Fragmentation energy},
  author={Bertoin, Jean and Mart{\'\i}nez, Servet},
  journal={Advances in applied probability},
  volume={37},
  number={2},
  pages={553--570},
  year={2005},
  publisher={Cambridge University Press}
}
@book{bertoin2006random,
  title={Random fragmentation and coagulation processes},
  author={Bertoin, Jean},
  volume={102},
  year={2006},
  publisher={Cambridge University Press}
}
@article{bonnefon2015concentration,
  title={Concentration phenomenon in some non-local equation},
  author={Bonnefon, Olivier and Coville, J{\'e}r{\^o}me and Legendre, Guillaume},
  journal={arXiv preprint arXiv:1510.01971},
  year={2015}
}
@article{buchmann2003decompounding,
  title={Decompounding: an estimation problem for Poisson random sums},
  author={Buchmann, Boris and Gr{\"u}bel, Rudolf},
  journal={The annals of statistics},
  volume={31},
  number={4},
  pages={1054--1074},
  year={2003},
  publisher={Institute of Mathematical Statistics}
}
@article{buchmann2004decompounding,
  title={Decompounding Poisson random sums: recursively truncated estimates in the discrete case},
  author={Buchmann, Boris and Gr{\"u}bel, Rudolf},
  journal={Annals of the Institute of Statistical Mathematics},
  volume={56},
  number={4},
  pages={743},
  year={2004},
  publisher={Springer}
}
@article{burger1996stationary,
  title={Stationary distributions under mutation-selection balance: structure and properties},
  author={B{\"u}rger, Reinhard and Bomze, Immanuel M},
  journal={Advances in applied probability},
  volume={28},
  number={1},
  pages={227--251},
  year={1996},
  publisher={Cambridge University Press}
}
@book{brezis2011functional,
  title={Functional analysis, Sobolev spaces and partial differential equations},
  author={Brezis, Haim},
  year={2011},
  publisher={Springer}
}

@book{brezis2011functional,
  title={Functional analysis, Sobolev spaces and partial differential equations},
  author={Brezis, Haim},
  year={2011},
  publisher={Springer}
}
@article{comte2010non,
  title={Non-parametric estimation for pure jump irregularly sampled or noisy L{\'e}vy processes},
  author={Comte, Fabienne and Genon-Catalot, Valentine},
  journal={Statistica Neerlandica},
  volume={64},
  number={3},
  pages={290--313},
  year={2010},
  publisher={Wiley Online Library}
}
@article{cooley1965algorithm,
  title={An algorithm for the machine calculation of complex Fourier series},
  author={Cooley, James W and Tukey, John W},
  journal={Mathematics of computation},
  volume={19},
  number={90},
  pages={297--301},
  year={1965},
  publisher={JSTOR}
}
@book{coron2007control,
  title={Control and nonlinearity},
  author={Coron, Jean-Michel},
  number={136},
  year={2007},
  publisher={American Mathematical Soc.}
}
@article{coville2007non,
  title={On a non-local equation arising in population dynamics},
  author={Coville, Jerome and Dupaigne, Louis},
  journal={Proceedings of the Royal Society of Edinburgh Section A: Mathematics},
  volume={137},
  number={4},
  pages={727--755},
  year={2007},
  publisher={Royal Society of Edinburgh Scotland Foundation}
}
@book{darwin1859origin,
  title={On the origin of species},
  author={Darwin, Charles},
  year={1859},
}
@article{debye1909naherungsformeln,
  title={N{\"a}herungsformeln f{\"u}r die Zylinderfunktionen f{\"u}r gro{\ss}e Werte des Arguments und unbeschr{\"a}nkt ver{\"a}nderliche Werte des Index},
  author={Debye, Peter},
  journal={Mathematische Annalen},
  volume={67},
  number={4},
  pages={535--558},
  year={1909},
  publisher={Springer}
}
@book{dieudonne1980calcul,
  title={Calcul infinit{\'e}simal},
  author={Dieudonn{\'e}, Jean},
  year={1980},
  publisher={Hermann}
}
@article{doumic2013estimating,
  title={Estimating the division rate for the growth-fragmentation equation},
  author={Doumic, Marie and Tine, L{\'e}on M},
  journal={Journal of mathematical biology},
  volume={67},
  pages={69--103},
  year={2013},
  publisher={Springer}
}
@article{doumic2016time,
  title={Time asymptotics for a critical case in fragmentation and growth-fragmentation equations},
  author={Doumic, Marie and Escobedo, Miguel},
  journal={Kinetic \& Related Models},
  volume={9},
  number={2},
  pages={251},
  year={2016},
  publisher={American Institute of Mathematical Sciences}
}
@inproceedings{doumic2018estimating,
  title={Estimating the division rate and kernel in the fragmentation equation},
  author={Doumic, Marie and Escobedo, Miguel and Tournus, Magali},
  booktitle={Annales de l'Institut Henri Poincar{\'e} C, Analyse non lin{\'e}aire},
  volume={35},
  number={7},
  pages={1847--1884},
  year={2018},
  organization={Elsevier}
}
@article{doumic2021inverse,
  title={An inverse problem: recovering the fragmentation kernel from the short-time behaviour of the fragmentation equation},
  author={Doumic, Marie and Escobedo, Miguel and Tournus, Magali},
  journal={arXiv preprint arXiv:2112.10423},
  year={2021}
}
@article{duval2017nonparametric,
  title={Nonparametric adaptive estimation for grouped data},
  author={Duval, C{\'e}line and Kappus, Johanna},
  journal={Journal of Statistical Planning and Inference},
  volume={182},
  pages={12--28},
  year={2017},
  publisher={Elsevier}
}
@article{duval2019adaptive,
  title={Adaptive procedure for Fourier estimators : application to deconvolution and decompounding},
  author={Duval, C{\'e}line and Kappus, Johanna},
  journal={Electronic Journal of Statistics},
  volume={13},
  number={2},
  pages={3424--3452},
  year={2019},
  publisher={The Institute of Mathematical Statistics and the Bernoulli Society}, 
}
@article{escobedo2007fundamental,
  title={On the fundamental solution of a linearized Uehling--Uhlenbeck equation},
  author={Escobedo, Miguel and Mischler, St{\'e}phane and Velazquez, Juan JL},
  journal={Archive for rational mechanics and analysis},
  volume={186},
  pages={309--349},
  year={2007},
  publisher={Springer}
}
@book{evans2018measure,
  title={Measure theory and fine properties of functions},
  author={Evans, Lawrence C and Garzepy, Ronald F},
  year={2018},
  publisher={Routledge}
}
@article{eshel1972evolution,
  title={Evolution processes with continuity of types},
  author={Eshel, Ilan},
  journal={Advances in Applied Probability},
  volume={4},
  number={3},
  pages={475--507},
  year={1972},
  publisher={Cambridge University Press}
}
@article{eyre2007distribution,
  title={The distribution of fitness effects of new mutations},
  author={Eyre-Walker, Adam and Keightley, Peter D},
  journal={Nature Reviews Genetics},
  volume={8},
  number={8},
  pages={610--618},
  year={2007},
  publisher={Nature Publishing Group}, 
  keywords={ref}
}
@article{finkelstein1999extinguishing,
  title={Extinguishing the distinguished logarithm problems},
  author={Finkelstein, Mark and Tucker, Howard G and Veeh, Jerry Alan},
  journal={Proceedings of the American Mathematical Society},
  pages={2773--2777},
  year={1999},
  publisher={JSTOR}
}
@article{flajolet1995mellin,
  title={Mellin transforms and asymptotics: Harmonic sums},
  author={Flajolet, Philippe and Gourdon, Xavier and Dumas, Philippe},
  journal={Theoretical computer science},
  volume={144},
  number={1-2},
  pages={3--58},
  year={1995},
  publisher={Elsevier}
}
@article{halligan2009spontaneous,
  title={Spontaneous mutation accumulation studies in evolutionary genetics},
  author={Halligan, Daniel L and Keightley, Peter D},
  journal={Annual Review of Ecology, Evolution, and Systematics},
  volume={40},
  number={1},
  pages={151--172},
  year={2009},
  publisher={Annual Reviews}
}
@article{hoang2017estimating,
  title={Estimating the division kernel of a size-structured population},
  author={Hoang, Van Ha},
  journal={ESAIM: Probability and Statistics},
  volume={21},
  pages={275--302},
  year={2017},
  publisher={EDP Sciences}
}
@article{hoang2017nonparametric,
  title={Nonparametric estimation of the fragmentation kernel based on a PDE stationary distribution approximation},
  author={Hoang, Van Ha and Ngoc, Thanh Mai Pham and Rivoirard, Vincent and Tran, Viet Chi},
  journal={arXiv preprint arXiv:1710.09172},
  year={2017}
}
@article{iyer2006dna,
  title={DNA mismatch repair: functions and mechanisms},
  author={Iyer, Ravi R and Pluciennik, Anna and Burdett, Vickers and Modrich, Paul L},
  journal={Chemical reviews},
  volume={106},
  number={2},
  pages={302--323},
  year={2006},
  publisher={ACS Publications}
}
@article{johannes2009deconvolution,
  title={Deconvolution with unknown error distribution},
  author={Johannes, Jan},
  journal={The Annals of Statistics},
  volume={37},
  number={5A},
  pages={2301--2323},
  year={2009},
  publisher={Institute of Mathematical Statistics}
}
@article{katju2019old,
  title={Old trade, new tricks: insights into the spontaneous mutation process from the partnering of classical mutation accumulation experiments with high-throughput genomic approaches},
  author={Katju, Vaishali and Bergthorsson, Ulfar},
  journal={Genome Biology and Evolution},
  volume={11},
  number={1},
  pages={136--165},
  year={2019},
  publisher={Oxford University Press}
}
@inproceedings{kolmogorov1941logarithmic,
  title={On the logarithmic normal distribution of particle sizes under grinding},
  author={Kolmogorov, AN},
  booktitle={Dokl. Akad. Nauk SSSR},
  volume={31},
  number={99},
  pages={L053101--4},
  year={1941}
}
@article{laplace1986memoir,
  title={Memoir on the probability of the causes of events},
  author={Laplace, Pierre Simon},
  journal={Statistical science},
  volume={1},
  number={3},
  pages={364--378},
  year={1986},
  publisher={JSTOR}
}
@article{laurenccot2022fragmentation,
  title={The fragmentation equation with size diffusion: Well posedness and long-term behaviour},
  author={Lauren{\c{c}}ot, Philippe and Walker, Christoph},
  journal={European Journal of Applied Mathematics},
  volume={33},
  number={6},
  pages={1083--1116},
  year={2022},
  publisher={Cambridge University Press}
}
@article{lynch2016genetic,
  title={Genetic drift, selection and the evolution of the mutation rate},
  author={Lynch, Michael and Ackerman, Matthew S and Gout, Jean-Francois and Long, Hongan and Sung, Way and Thomas, W Kelley and Foster, Patricia L},
  journal={Nature Reviews Genetics},
  volume={17},
  number={11},
  pages={704--714},
  year={2016},
  publisher={Nature Publishing Group UK London}
}
@article{mahilkar2022selection,
  title={Selection in a growing colony biases results of mutation accumulation experiments},
  author={Mahilkar, Anjali and Raj, Namratha and Kemkar, Sharvari and Saini, Supreet},
  journal={Scientific Reports},
  volume={12},
  number={1},
  pages={15470},
  year={2022},
  publisher={Nature Publishing Group UK London}
}
@article{montroll1940theory,
  title={Theory of depolymerization of long chain molecules},
  author={Montroll, Elliott W and Simha, Robert},
  journal={The Journal of Chemical Physics},
  volume={8},
  number={9},
  pages={721--726},
  year={1940},
  publisher={American Institute of Physics}
}
@article{melzak1957scalar,
  title={A scalar transport equation},
  author={Melzak, Zdzislaw A.},
  journal={Transactions of the American Mathematical Society},
  volume={85},
  number={2},
  pages={547--560},
  year={1957},
  publisher={JSTOR}
}
@article{mukai1964genetic,
  title={The genetic structure of natural populations of Drosophila melanogaster. I. Spontaneous mutation rate of polygenes controlling viability},
  author={Mukai, Terumi},
  journal={Genetics},
  volume={50},
  number={1},
  pages={1},
  year={1964},
  publisher={Oxford University Press}
}
@article{muller1991excess,
  title={Excess mass estimates and tests for multimodality},
  author={M{\"u}ller, Dietrich W and Sawitzki, G{\"u}nther},
  journal={Journal of the American Statistical Association},
  volume={86},
  number={415},
  pages={738--746},
  year={1991},
  publisher={Taylor \& Francis}
}
@article{ossowski2010rate,
  title={The rate and molecular spectrum of spontaneous mutations in Arabidopsis thaliana},
  author={Ossowski, Stephan and Schneeberger, Korbinian and Lucas-Lled{\'o}, Jos{\'e} Ignacio and Warthmann, Norman and Clark, Richard M and Shaw, Ruth G and Weigel, Detlef and Lynch, Michael},
  journal={science},
  volume={327},
  number={5961},
  pages={92--94},
  year={2010},
  publisher={American Association for the Advancement of Science}
}
@article{parzen1962estimation,
  title={On estimation of a probability density function and mode},
  author={Parzen, Emanuel},
  journal={The annals of mathematical statistics},
  volume={33},
  number={3},
  pages={1065--1076},
  year={1962},
  publisher={JSTOR}
}
@book{poularikas2018transforms,
  title={Transforms and applications handbook},
  author={Poularikas, Alexander D.},
  year={2018},
  publisher={CRC press}
}
@article{robert2018mutation,
  title={Mutation dynamics and fitness effects followed in single cells},
  author={Robert, Lydia and Ollion, Jean and Robert, J{\'e}r{\^o}me and Song, Xiaohu and Matic, Ivan and Elez, Marina},
  journal={Science},
  volume={359},
  number={6381},
  pages={1283--1286},
  year={2018},
  publisher={American Association for the Advancement of Science}
}
@article{robert2019real,
  title={Real-time visualization of mutations and their fitness effects in single bacteria},
  author={Robert, Lydia and Ollion, Jean and Elez, Marina},
  journal={Nature protocols},
  volume={14},
  number={11},
  pages={3126--3143},
  year={2019},
  publisher={Nature Publishing Group UK London}
}
@article{rosenblatt1956remarks,
  title={Remarks on Some Nonparametric Estimates of a Density Function},
  author={Rosenblatt, Murray},
  journal={The Annals of Mathematical Statistics},
  volume={27},
  number={3},
  pages={832--837},
  year={1956},
  publisher={Institute of Mathematical Statistics}
}
@article{rutter2012fitness,
  title={Fitness of Arabidopsis thaliana mutation accumulation lines whose spontaneous mutations are known},
  author={Rutter, Matthew T and Roles, Angela and Conner, Jeffrey K and Shaw, Ruth G and Shaw, Frank H and Schneeberger, Korbinian and Ossowski, Stephan and Weigel, Detlef and Fenster, Charles B},
  journal={Evolution},
  volume={66},
  number={7},
  pages={2335--2339},
  year={2012},
  publisher={Blackwell Publishing Inc Malden, USA}
}
@book{schmudgen2017moment,
  title={The moment problem},
  author={Schm{\"u}dgen, Konrad},
  year={2017},
  publisher={Springer}
}
@article{schmudgen2020ten,
  title={Ten Lectures on the Moment Problem},
  author={Schm{\"u}dgen, Konrad},
  journal={arXiv preprint arXiv:2008.12698},
  year={2020}
}
@article{silverman1981using,
  title={Using kernel density estimates to investigate multimodality},
  author={Silverman, Bernard W},
  journal={Journal of the Royal Statistical Society: Series B (Methodological)},
  volume={43},
  number={1},
  pages={97--99},
  year={1981},
  publisher={Wiley Online Library}
}
@article{silverman1983some,
  title={Some properties of a test for multimodality based on kernel density estimates},
  author={Silverman, Bernard W},
  journal={Probability, statistics and analysis},
  volume={79},
  pages={248--259},
  year={1983},
  publisher={Cambridge University Press Cambridge}
}
@article{tenaillon2016tempo,
  title={Tempo and mode of genome evolution in a 50,000-generation experiment},
  author={Tenaillon, Olivier and Barrick, Jeffrey E and Ribeck, Noah and Deatherage, Daniel E and Blanchard, Jeffrey L and Dasgupta, Aurko and Wu, Gabriel C and Wielgoss, S{\'e}bastien and Cruveiller, St{\'e}phane and M{\'e}digue, Claudine and others},
  journal={Nature},
  volume={536},
  number={7615},
  pages={165--170},
  year={2016},
  publisher={Nature Publishing Group UK London}
}
@book{trelat2005controle,
  title={Contr{\^o}le optimal: th{\'e}orie \& applications},
  author={Tr{\'e}lat, Emmanuel},
  volume={36},
  year={2005},
  publisher={Vuibert Paris}
}
@article{wang2010robust,
  title={Robust growth of Escherichia coli},
  author={Wang, Ping and Robert, Lydia and Pelletier, James and Dang, Wei Lien and Taddei, Francois and Wright, Andrew and Jun, Suckjoon},
  journal={Current biology},
  volume={20},
  number={12},
  pages={1099--1103},
  year={2010},
  publisher={Elsevier}
}
@article{weisse2015mechanistic,
  title={Mechanistic links between cellular trade-offs, gene expression, and growth},
  author={Wei{\ss}e, Andrea Y and Oyarz{\'u}n, Diego A and Danos, Vincent and Swain, Peter S},
  journal={Proceedings of the National Academy of Sciences},
  volume={112},
  number={9},
  pages={E1038--E1047},
  year={2015},
  publisher={National Acad Sciences}
}
@article{xue2013imaging,
  title={An imaging and systems modeling approach to fibril breakage enables prediction of amyloid behavior},
  author={Xue, Wei-Feng and Radford, Sheena E},
  journal={Biophysical journal},
  volume={105},
  number={12},
  pages={2811--2819},
  year={2013},
  publisher={Elsevier}
}
@book{zakharov2012kolmogorov,
  title={Kolmogorov spectra of turbulence I: Wave turbulence},
  author={Zakharov, Vladimir E and L'vov, Victor S and Falkovich, Gregory},
  year={2012},
  publisher={Springer Science \& Business Media}
}
@article{ziff1985kinetics,
  title={The kinetics of cluster fragmentation and depolymerisation},
  author={Ziff, Robert M and McGrady, Eleyna D},
  journal={Journal of Physics A: Mathematical and General},
  volume={18},
  number={15},
  pages={3027},
  year={1985},
  publisher={IOP Publishing}
}

